<?xml version="1.0" encoding="UTF-8"?><collection xmlns="http://www.loc.gov/MARC21/slim"><record><leader>00454nam--2200145-i-4500</leader><controlfield tag="001">000028450</controlfield><controlfield tag="002">20161230</controlfield><controlfield tag="005">20161230201037</controlfield><controlfield tag="008">060222s1000------------r-----000-0-eng-d</controlfield><datafield ind1=" " ind2=" " tag="080"><subfield code="a">51:089:65.01</subfield></datafield><datafield ind1=" " ind2=" " tag="100"><subfield code="a">Kattsoff, Louis O.And Simone, Albert J</subfield></datafield><datafield ind1=" " ind2=" " tag="245"><subfield code="a">Finite mathematics with applications in the social and management sciences</subfield></datafield><datafield ind1=" " ind2=" " tag="260"><subfield code="a">New York, Mcgraw-hill Book Co., 1965, Xiv + 407p</subfield></datafield><datafield ind1=" " ind2=" " tag="852"><subfield code="a">24617</subfield><subfield code="c">512</subfield></datafield><datafield ind1=" " ind2=" " tag="CAT"><subfield code="a">Sys</subfield><subfield code="c">20080508</subfield><subfield code="h">122414</subfield></datafield></record></collection>